@MISC{std_mult,
      TITLE = "Алгоритм умножения матриц",
      NOTE = "Режим доступа: https://www.math10.com/ru/vysshaya-matematika/matrix/umnozhenie-matric.html. Дата обращения: 20.10.2021"
}

@MISC{winograd,
      TITLE = "Умножение матриц по Винограду",
      NOTE = "Режим доступа: http://algolib.narod.ru/Math/Matrix.html. Дата обращения: 20.10.2021"
}

@MISC{home,
      TITLE = "Windows 10 Pro и Windows 10 Домашняя",
      NOTE = "Режим доступа: https://www.microsoft.com/ru-ru/windows/compare-windows-10-home-vs-pro. Дата обращения: 18.10.2021"
}
 
@MISC{i3,
      TITLE = "Процессор Intel® Core™ i3-1115G4 (6 МБ кэш-памяти, до 4,10 ГГц)",
      NOTE = "Режим доступа: https://www.intel.ru/content/www/ru/ru/products/sku/208652/intel-core-i31115g4-processor-6m-cache-up-to-4-10-ghz/specifications.html. Дата обращения: 14.10.2021"
}

@MISC{process,
      TITLE = "Функция process\_time() модуля time в Python",
      NOTE = "Режим доступа: https://docs-python.ru/standart-library/modul-time-python/funktsija-process-time-modulja-time/. Дата обращения: 5.10.2021"
}

