@BOOK{wil,
author = "Williams A.",
title = "C++ Concurrency in Action: Practical Multithreading. Manning Publications Co.",
year = 2019
}

@BOOK{rot,
author = "А. И. Лурье",
title = "Аналитическая механика. — М.:Физматлит",
year = 1961,
pages = 824
}

@MISC{thread,
      TITLE = "Класс thread",
      NOTE = "Режим доступа: https://docs.microsoft.com/ru-ru/cpp/standard-library/thread-class?view=msvc-160. Дата обращения: 26.10.2021"
}

@MISC{home,
      TITLE = "Windows 10 Pro и Windows 10 Домашняя",
      NOTE = "Режим доступа: https://www.microsoft.com/ru-ru/windows/compare-windows-10-home-vs-pro. Дата обращения: 18.10.2021"
}
 
@MISC{i3,
      TITLE = "Процессор Intel® Core™ i3-1115G4 (6 МБ кэш-памяти, до 4,10 ГГц)",
      NOTE = "Режим доступа: https://www.intel.ru/content/www/ru/ru/products/sku/208652/intel-core-i31115g4-processor-6m-cache-up-to-4-10-ghz/specifications.html. Дата обращения: 14.10.2021"
}

@MISC{process,
      TITLE = "GetProcessTimes function (processthreadsapi.h)",
      NOTE = "Режим доступа: https://docs.microsoft.com/ru-ru/windows/win32/api/processthreadsapi/nf-processthreadsapi-getprocesstimes?redirectedfrom=MSDN. Дата обращения: 27.10.2021"
}

