@BOOK{bubble,
author = "А. В. Левитин",
title = "Глава 3. Метод грубой силы: Пузырьковая сортировка // Алгоритмы. Введение в разработку и анализ",
year = 2006,
pages = 144-146
}

@BOOK{insert,
author = "Д. Э. Кнут",
title = "5.2.1 Сортировка путём вставок // Искусство программирования. Том 3. Сортировка и поиск",
year = 2007,
pages = 832
}

@BOOK{select,
author = "А. В. Левитин",
title = "Глава 3. Метод грубой силы: Сортировка выбором // Алгоритмы. Введение в разработку и анализ",
year = 2006,
pages = 143-144
}

@MISC{home,
      TITLE = "Windows 10 Pro и Windows 10 Домашняя",
      NOTE = "Режим доступа: https://www.microsoft.com/ru-ru/windows/compare-windows-10-home-vs-pro. Дата обращения: 18.10.2021"
}
 
@MISC{i3,
      TITLE = "Процессор Intel® Core™ i3-1115G4 (6 МБ кэш-памяти, до 4,10 ГГц)",
      NOTE = "Режим доступа: https://www.intel.ru/content/www/ru/ru/products/sku/208652/intel-core-i31115g4-processor-6m-cache-up-to-4-10-ghz/specifications.html. Дата обращения: 14.10.2021"
}

@MISC{process,
      TITLE = "Функция process\_time() модуля time в Python",
      NOTE = "Режим доступа: https://docs-python.ru/standart-library/modul-time-python/funktsija-process-time-modulja-time/. Дата обращения: 5.10.2021"
}

